<record><leader>00000cas a22000007a 4500</leader><controlfield tag="001">11391011</controlfield><controlfield tag="008">841115d19111917mtuwr ne      0    0eng d</controlfield><datafield ind1=" " ind2=" " tag="010"><subfield code="a">sn 84036249 </subfield></datafield><datafield ind1=" " ind2=" " tag="040"><subfield code="a">MTL</subfield><subfield code="b">eng</subfield><subfield code="c">MTL</subfield><subfield code="d">OCLCQ</subfield></datafield><datafield ind1=" " ind2=" " tag="042"><subfield code="a">msc</subfield></datafield><datafield ind1="0" ind2=" " tag="130"><subfield code="a">Dayton leader (Dayton, Mont.)</subfield></datafield><datafield ind1="1" ind2="4" tag="245"><subfield code="a">The Dayton leader.</subfield></datafield><datafield ind1=" " ind2=" " tag="260"><subfield code="a">Dayton, Mont. :</subfield><subfield code="b">R.H. Copeland,</subfield><subfield code="c">1911-1917.</subfield></datafield><datafield ind1=" " ind2=" " tag="300"><subfield code="a">7 v. :</subfield><subfield code="b">ill.</subfield></datafield><datafield ind1=" " ind2=" " tag="310"><subfield code="a">Weekly</subfield></datafield><datafield ind1="0" ind2=" " tag="362"><subfield code="a">Vol. 1, no. 1 (Mar. 10, 1911)-v. 7, no. 22 (July 27, 1917).</subfield></datafield><datafield ind1=" " ind2=" " tag="500"><subfield code="a">"Politically, the Leader will be conducted on strictly independent lines."</subfield></datafield><datafield ind1=" " ind2=" " tag="752"><subfield code="a">United States</subfield><subfield code="b">Montana</subfield><subfield code="c">Lake</subfield><subfield code="d">Dayton.</subfield></datafield></record>